<collection xmlns="http://www.loc.gov/MARC21/slim">
<record>
  <leader>01308nam0a2200265 i 450 </leader>
  <controlfield tag="001">IT\ICCU\CNCE\035434</controlfield>
  <controlfield tag="005">20091009000000.0</controlfield>
  <datafield tag="012" ind1=" " ind2=" ">
    <subfield code="a">C*ni 1110 51us DeIn (C) 1548 (R)</subfield>
    <subfield code="2">fei</subfield>
  </datafield>
  <datafield tag="100" ind1=" " ind2=" ">
    <subfield code="a">19980112d1548        0itac0103    ba</subfield>
  </datafield>
  <datafield tag="101" ind1=" " ind2=" ">
    <subfield code="a">LAT</subfield>
  </datafield>
  <datafield tag="102" ind1=" " ind2=" ">
    <subfield code="a">IT</subfield>
  </datafield>
  <datafield tag="200" ind1="1" ind2=" ">
    <subfield code="a">Additiones super insti. imper. et auth. atque super ff. vet. et c. Andrea de Malatinis Patauino inter scholasticorum minimo autore</subfield>
  </datafield>
  <datafield tag="210" ind1=" " ind2=" ">
    <subfield code="a">Patauii</subfield>
    <subfield code="c">Iacobus Fabrianus Patauinus excudebat</subfield>
    <subfield code="d">1548</subfield>
    <subfield code="e">Patauii</subfield>
    <subfield code="g">Jacobus Fabrianus excudeb.</subfield>
    <subfield code="h">1548 mense Octobri</subfield>
  </datafield>
  <datafield tag="215" ind1=" " ind2=" ">
    <subfield code="a">\68! c.</subfield>
    <subfield code="d">8ʻ</subfield>
  </datafield>
  <datafield tag="620" ind1=" " ind2=" ">
    <subfield code="a">IT</subfield>
    <subfield code="d">Padova</subfield>
  </datafield>
  <datafield tag="700" ind1=" " ind2="1">
    <subfield code="a">Malatini,</subfield>
    <subfield code="b">Andrea</subfield>
    <subfield code="3">IT\ICCU\CNCA\009985</subfield>
  </datafield>
  <datafield tag="712" ind1="0" ind2="0">
    <subfield code="a">Fabriano, Giacomo</subfield>
    <subfield code="3">IT\ICCU\CNCT\000154</subfield>
    <subfield code="4">650</subfield>
  </datafield>
  <datafield tag="791" ind1="0" ind2="0">
    <subfield code="a">Fabrianus, Iacobus</subfield>
    <subfield code="3">IT\ICCU\CNCT\004744</subfield>
    <subfield code="z">Fabriano, Giacomo</subfield>
  </datafield>
  <datafield tag="791" ind1="0" ind2="0">
    <subfield code="a">Fabriano, Iacobo</subfield>
    <subfield code="3">IT\ICCU\CNCT\005059</subfield>
    <subfield code="z">Fabriano, Giacomo</subfield>
  </datafield>
  <datafield tag="801" ind1=" " ind2="3">
    <subfield code="a">IT</subfield>
    <subfield code="b">ICCU</subfield>
    <subfield code="c">20201114</subfield>
  </datafield>
  <datafield tag="899" ind1=" " ind2=" ">
    <subfield code="a">Biblioteca universitaria. Cagliari</subfield>
    <subfield code="1">CA0194</subfield>
    <subfield code="2">CAG UC</subfield>
  </datafield>
  <datafield tag="899" ind1=" " ind2=" ">
    <subfield code="a">Biblioteca nazionale centrale. Roma</subfield>
    <subfield code="1">RM0267</subfield>
    <subfield code="2">BVE CR</subfield>
  </datafield>
  <datafield tag="899" ind1=" " ind2=" ">
    <subfield code="a">Biblioteca comunale Ugo Nomi Venerosi-Pesciolini. San Gimignano</subfield>
    <subfield code="1">SI0037</subfield>
    <subfield code="2">RT1 PN</subfield>
  </datafield>
  <datafield tag="911" ind1=" " ind2=" ">
    <subfield code="a">Sul front.</subfield>
    <subfield code="9">IT\ICCU\CNCM\001392</subfield>
  </datafield>
  <datafield tag="921" ind1=" " ind2=" ">
    <subfield code="a">IT\ICCU\CNCM\001392</subfield>
    <subfield code="b">Fortuna (donna in mare su delfino con vela al vento).</subfield>
    <subfield code="e">Fortuna adiuvat</subfield>
    <subfield code="c">U338</subfield>
    <subfield code="d">Dimensioni: 5,5 x 7,5</subfield>
    <subfield code="f">FORTUNAADI</subfield>
    <subfield code="f">FORTUNA</subfield>
    <subfield code="f">VELA</subfield>
    <subfield code="g">1548</subfield>
  </datafield>
</record>
</collection>
